@book{wackerly2014mathematical,
  title={Mathematical statistics with applications},
  author={Wackerly, Dennis and Mendenhall, William and Scheaffer, Richard L},
  year={2014},
  publisher={Cengage Learning}
}

@article{curioso,
    author = {Br. Gustavo Di Giorgi},
    title = {Desigualdades del tipo Hermite-Hadamard y estimaciones de la f√≥rmula trapezoidal para funciones convexas.},
    year = {2014},
    publisher = {Universidad Central de Venezuela}
}
