@book{wackerly2014mathematical,
  title={Mathematical statistics with applications},
  author={Wackerly, Dennis and Mendenhall, William and Scheaffer, Richard L},
  year={2014},
  publisher={Cengage Learning}
}

@book{roussas2003introduction,
  title={An introduction to probability and statistical inference},
  author={Roussas, George G},
  year={2003},
  publisher={Elsevier}
}